<?xml version="1.0" encoding="UTF-8"?><collection xmlns="http://www.loc.gov/MARC21/slim"><record><leader>00282nam  2200073ua 45e0</leader><controlfield tag="008">070529s9999    xx            000 0 und d</controlfield><datafield ind1="0" ind2="4" tag="245"><subfield code="a">The Monster Mine</subfield><subfield code="h">[electronic resource] /</subfield><subfield code="c">Anonymous.</subfield></datafield><datafield ind1=" " ind2=" " tag="500"><subfield code="a">An ebook provided by Project Gutenberg of Australia.</subfield></datafield><datafield ind1="4" ind2="0" tag="856"><subfield code="u">http://gutenberg.net.au/ebooks06/0600901h.html </subfield></datafield></record></collection>